@article{9556577,
	author={Singh, Priti and Majumder, A. and Pulhani, A. K. and Sridhar, G. and Maiti, Namita},
	title={{Development of a 1-D Electrostatic Particle-in-Cell Code}},
	journal={IEEE Transactions on Plasma Science},  
	year={2021},
	volume={49},
	number={10},
	pages={3257-3267},
	doi={10.1109/TPS.2021.3114219},
}

@book{bittencourt1995fundamentals,
	title={Fundamentals of Plasma Physics},
	author={Bittencourt, J.A.},
	isbn={9788590010012},
	url={https://books.google.cl/books?id=rdDvAAAAMAAJ},
	year={1995},
	publisher={Co-Edition FAPESP},
}

@book{brieda2019plasma,
	title={Plasma Simulations by Example},
	author={Brieda, L.},
	isbn={9780429801051},
	url={https://books.google.cl/books?id=ofvDDwAAQBAJ},
	year={2019},
	publisher={CRC Press},
}
